% This is an auto-generated bibliography file built by ./bib-gen.sh

@incollection{stalla-bourdillon_privacy_2014,
  address = {London},
  title = {Privacy {Versus} {Security}… {Are} {We} {Done} {Yet}?},
  isbn = {9781447165293 9781447165309},
  url = {http://link.springer.com/10.1007/978-1-4471-6530-9_1},
  urldate = {2020-01-10},
  booktitle = {Privacy vs. {Security}},
  publisher = {Springer London},
  author = {Stalla-Bourdillon, Sophie},
  collaborator = {Stalla-Bourdillon, Sophie and Phillips, Joshua and Ryan, Mark D.},
  year = {2014},
  doi = {10.1007/978-1-4471-6530-9_1},
  pages = {1--90}
}

@incollection{matyas_incommensurability_2018,
  address = {Cham},
  title = {On the {Incommensurability} of {Laws} and {Technical} {Mechanisms}: {Or}, {What}
{Cryptography} {Can}’t {Do} ({Transcript} of {Discussion})},
  volume = {11286},
  isbn = {9783030032500 9783030032517},
  shorttitle = {On the {Incommensurability} of {Laws} and {Technical} {Mechanisms}},
  url = {http://link.springer.com/10.1007/978-3-030-03251-7_32},
  urldate = {2020-01-10},
  booktitle = {Security {Protocols} {XXVI}},
  publisher = {Springer International Publishing},
  author = {Weitzner, Daniel J.},
  editor = {Matyáš, Vashek and Švenda, Petr and Stajano, Frank and Christianson, Bruce and
Anderson, Jonathan},
  year = {2018},
  doi = {10.1007/978-3-030-03251-7_32},
  pages = {280--288}
}

% To add author, insert: author = {Last, First},
@misc{noauthor_principles_2018,
  title = {Principles for a {More} {Informed} {Exceptional} {Access} {Debate}},
  url = {https://www.lawfareblog.com/principles-more-informed-exceptional-access-debate},
  abstract = {This is part of a series of essays from the Crypto 2018 Workshop on Encryption and
Surveillance. In any discussion of cyber security, details matter.},
  language = {en},
  urldate = {2020-01-10},
  journal = {Lawfare},
  month = nov,
  year = {2018}
}

@misc{benaloh_what_2018,
  title = {What if {Responsible} {Encryption} {Back}-{Doors} {Were} {Possible}?},
  author={Benaloh, Josh},
  url = {https://www.lawfareblog.com/what-if-responsible-encryption-back-doors-were-possible},
  abstract = {This is part of a series of essays from the Crypto 2018 Workshop on Encryption and
Surveillance.},
  language = {en},
  urldate = {2020-01-10},
  journal = {Lawfare},
  month = nov,
  year = {2018}
}

@incollection{phan_key_2017,
  address = {Cham},
  title = {Key {Recovery}: {Inert} and {Public}},
  volume = {10311},
  isbn = {9783319612720 9783319612737},
  shorttitle = {Key {Recovery}},
  url = {http://link.springer.com/10.1007/978-3-319-61273-7_6},
  urldate = {2020-01-10},
  booktitle = {Paradigms in {Cryptology} – {Mycrypt} 2016. {Malicious} and {Exploratory}
{Cryptology}},
  publisher = {Springer International Publishing},
  author = {Boyd, Colin and Boyen, Xavier and Carr, Christopher and Haines, Thomas},
  editor = {Phan, Raphaël C.-W. and Yung, Moti},
  year = {2017},
  doi = {10.1007/978-3-319-61273-7_6},
  pages = {111--126}
}

@incollection{stajano_making_2017,
  address = {Cham},
  title = {Making {Decryption} {Accountable}},
  volume = {10476},
  isbn = {9783319710747 9783319710754},
  url = {http://link.springer.com/10.1007/978-3-319-71075-4_11},
  urldate = {2020-01-10},
  booktitle = {Security {Protocols} {XXV}},
  publisher = {Springer International Publishing},
  author = {Ryan, Mark D.},
  editor = {Stajano, Frank and Anderson, Jonathan and Christianson, Bruce and Matyáš, Vashek},
  year = {2017},
  doi = {10.1007/978-3-319-71075-4_11},
  pages = {93--98}
}

@article{shamir_how_1979,
  title = {How to share a secret},
  volume = {22},
  issn = {00010782},
  url = {http://portal.acm.org/citation.cfm?doid=359168.359176},
  doi = {10.1145/359168.359176},
  number = {11},
  urldate = {2020-01-10},
  journal = {Communications of the ACM},
  author = {Shamir, Adi},
  month = nov,
  year = {1979},
  pages = {612--613}
}

